@book{book_key,
	address = {City},
	publisher = {Publisher},
	author = {Smith, John},
	title = {Book title},
	year = {2012},
	volume = {3},
	series = {2},
	edition = {1},
	pages = {123--200},
	month = {January}
}

@article{article_key,
	address = {City},
	publisher = {Publisher},
	author = {Smith, James},
	title = {Article title},
	year = {2013},
	volume = {14},
	number = {6},
	pages = {1--8},
	month = {March}
}

@ARTICLE{2018Azadi,
       author = {{Azadi}, Mojegan and {Coil}, Alison and {Aird}, James and {Shivaei}, Irene and {Reddy}, Naveen and {Shapley}, Alice and {Kriek}, Mariska and {Freeman}, William R. and {Leung}, Gene C.~K. and {Mobasher}, Bahram and {Price}, Sedona H. and {Sanders}, Ryan L. and {Siana}, Brian and {Zick}, Tom},
        title = "{The MOSDEF Survey: The Nature of Mid-infrared Excess Galaxies and a Comparison of IR and UV Star Formation Tracers at z {\ensuremath{\sim}} 2}",
      journal = {\apj},
     keywords = {galaxies: active, galaxies: high-redshift, galaxies: nuclei, galaxies: star formation, infrared: galaxies, ultraviolet: galaxies, Astrophysics - Astrophysics of Galaxies},
         year = 2018,
        month = oct,
       volume = {866},
       number = {1},
          eid = {63},
        pages = {63},
          doi = {10.3847/1538-4357/aad3c8},
archivePrefix = {arXiv},
       eprint = {1806.08989},
 primaryClass = {astro-ph.GA},
       adsurl = {https://ui.adsabs.harvard.edu/abs/2018ApJ...866...63A},
      adsnote = {Provided by the SAO/NASA Astrophysics Data System}
}

