@ARTICLE{2008Mieske,
       author = {{Mieske}, S. and {Hilker}, M. and {Jord{\'a}n}, A. and {Infante}, L. and {Kissler-Patig}, M. and {Rejkuba}, M. and {Richtler}, T. and {C{\^o}t{\'e}}, P. and {Baumgardt}, H. and {West}, M.~J. and {Ferrarese}, L. and {Peng}, E.~W.},
        title = "{The nature of UCDs: Internal dynamics from an expanded sample and homogeneous database}",
      journal = {\aap},
     keywords = {galaxies: clusters: individual: Fornax, galaxies: dwarf, galaxies: fundamental parameters, galaxies: nuclei, galaxies: star clusters, Astrophysics},
         year = 2008,
        month = sep,
       volume = {487},
       number = {3},
        pages = {921-935},
          doi = {10.1051/0004-6361:200810077},
archivePrefix = {arXiv},
       eprint = {0806.0374},
 primaryClass = {astro-ph},
       adsurl = {https://ui.adsabs.harvard.edu/abs/2008A&A...487..921M},
      adsnote = {Provided by the SAO/NASA Astrophysics Data System}
}

@ARTICLE{2023VasilievEvgenii,
       author = {{Vasiliev}, Evgenii O. and {Drozdov}, Sergey A. and {Nath}, Biman B. and {Dettmar}, Ralf-J{\"u}rgen and {Shchekinov}, Yuri A.},
        title = "{Disc-halo gas outflows driven by stellar clusters as seen in multiwavelength tracers}",
      journal = {arXiv e-prints},
     keywords = {Astrophysics - Astrophysics of Galaxies},
         year = 2023,
        month = jan,
          eid = {arXiv:2301.10744},
        pages = {arXiv:2301.10744},
archivePrefix = {arXiv},
       eprint = {2301.10744},
 primaryClass = {astro-ph.GA},
       adsurl = {https://ui.adsabs.harvard.edu/abs/2023arXiv230110744V},
      adsnote = {Provided by the SAO/NASA Astrophysics Data System}
}

@article{Burchett_2015,
	doi = {10.1088/0004-637x/815/2/91},
  
	url = {https://doi.org/10.1088%2F0004-637x%2F815%2F2%2F91},
  
	year = 2015,
	month = {dec},
  
	publisher = {American Astronomical Society},
  
	volume = {815},
  
	number = {2},
  
	pages = {91},
  
	author = {Joseph N. Burchett and Todd M. Tripp and J. Xavier Prochaska and Jessica K. Werk and Jason Tumlinson and John M. O'Meara and Rongmon Bordoloi and Neal Katz and C. N. A. Willmer},
  
	title = {A {DEEP} {SEARCH} {FOR} {FAINT} {GALAXIES} {ASSOCIATED} {WITH} {VERY} {LOW}-{REDSHIFT} C iv {ABSORBERS}. {II}. {PROGRAM} {DESIGN},
   {ABSORPTION}-{LINE} {MEASUREMENTS},
   {AND} {ABSORBER} {STATISTICS}
},
  
	journal = {The Astrophysical Journal}
}

@ARTICLE{2023MainaliRamesh,
       author = {{Mainali}, Ramesh and {Stark}, Daniel P. and {Jones}, Tucker and {Ellis}, Richard S. and {Hezaveh}, Yashar D. and {Rigby}, Jane R.},
        title = "{Spectroscopy of CASSOWARY gravitationally-lensed galaxies in SDSS: characterisation of an extremely bright reionization-era analog at $z=1.42$}",
      journal = {arXiv e-prints},
     keywords = {Astrophysics - Astrophysics of Galaxies},
         year = 2023,
        month = jan,
          eid = {arXiv:2301.11264},
        pages = {arXiv:2301.11264},
archivePrefix = {arXiv},
       eprint = {2301.11264},
 primaryClass = {astro-ph.GA},
       adsurl = {https://ui.adsabs.harvard.edu/abs/2023arXiv230111264M},
      adsnote = {Provided by the SAO/NASA Astrophysics Data System}
}

@ARTICLE{2000Pogge_Seyferts,
       author = {{Pogge}, Richard W.},
        title = "{Narrow-line Seyfert 1s: 15 years later}",
      journal = {\nar},
     keywords = {Astrophysics},
         year = 2000,
        month = sep,
       volume = {44},
       number = {7-9},
        pages = {381-385},
          doi = {10.1016/S1387-6473(00)00065-8},
archivePrefix = {arXiv},
       eprint = {astro-ph/0005125},
 primaryClass = {astro-ph},
       adsurl = {https://ui.adsabs.harvard.edu/abs/2000NewAR..44..381P},
      adsnote = {Provided by the SAO/NASA Astrophysics Data System}
}

